<?xml version="1.0" encoding="UTF-8"?><record xmlns="http://www.loc.gov/MARC21/slim" xmlns:cinclude="http://apache.org/cocoon/include/1.0" xmlns:zs="http://www.loc.gov/zing/srw/">
  <leader>00562nz  a2200145n  4500</leader>
  <controlfield tag="001">no2010027438</controlfield>
  <controlfield tag="003">DLC</controlfield>
  <controlfield tag="005">20100219075505.0</controlfield>
  <controlfield tag="008">100217n| acannaabn          |a aaa     c</controlfield>
  <datafield tag="010" ind1=" " ind2=" ">
    <subfield code="a">no2010027438</subfield>
  </datafield>
  <datafield tag="035" ind1=" " ind2=" ">
    <subfield code="a">(OCoLC)oca08397248</subfield>
  </datafield>
  <datafield tag="040" ind1=" " ind2=" ">
    <subfield code="a">DCS</subfield>
    <subfield code="b">eng</subfield>
    <subfield code="c">DCS</subfield>
  </datafield>
  <datafield tag="100" ind1="1" ind2=" ">
    <subfield code="a">Lambert, Gustaf E.</subfield>
  </datafield>
  <datafield tag="400" ind1="1" ind2=" ">
    <subfield code="a">Lambert, Gus</subfield>
  </datafield>
  <datafield tag="670" ind1=" " ind2=" ">
    <subfield code="a">U.S. Cong. Senate. Comm. on Armed Services. Nomination of Garrison Norton, and miscellaneous bills, 1956:</subfield>
    <subfield code="b">t.p. (recognition of Gustaf E. Lambert in the discovery of the cause and means of transmission of yellow fever) p. 22 (Gus Lambert)</subfield>
  </datafield>
</record>